%% This BibTeX bibliography file was created using BibDesk.
%% http://bibdesk.sourceforge.net/

%% Created for Kevin Bundy at 2019-02-12 16:12:40 -0800 

%% Saved with string encoding Unicode (UTF-8) 

@INPROCEEDINGS{asee_peer_31030,
    author = {{Barnes}, A. and {Ball}, T. and {Starr}, C.~R. and {Seagroves}, S. and {Perez}, K. and {Hunter}, L.},
    title = {{Successfully Building a Diverse Telescope Workforce: The Design of the Akamai Internship Program in Hawai'i}},
    booktitle = {2018 ASEE Annual Conference \& Exposition},
    year = 2018,
    month = Jun,
    address = {Salt Lake City, Utah},
    publisher = {ASEE Conferences},
    note = {https://peer.asee.org/31030}
}

@ARTICLE{2017AJ....154...28B,
       author = {{Blanton}, Michael R. and {Bershady}, Matthew A. and {Abolfathi}, Bela and
         {Albareti}, Franco D. and {Allende Prieto}, Carlos and
         {Almeida}, Andres and {Alonso-Garc{\'\i}a}, Javier and
         {Anders}, Friedrich and {Anderson}, Scott F. and {Andrews}, Brett and
         {Aquino-Ort{\'\i}z}, Erik and {Arag{\'o}n-Salamanca}, Alfonso and
         {Argudo-Fern{\'a}ndez}, Maria and {Armengaud}, Eric and
         {Aubourg}, Eric and {Avila-Reese}, Vladimir and {Badenes}, Carles and
         {Bailey}, Stephen and {Barger}, Kathleen A. and
         {Barrera-Ballesteros}, Jorge and {Bartosz}, Curtis and
         {Bates}, Dominic and {Baumgarten}, Falk and {Bautista}, Julian and
         {Beaton}, Rachael and {Beers}, Timothy C. and {Belfiore}, Francesco and
         {Bender}, Chad F. and {Berlind}, Andreas A. and {Bernardi}, Mariangela and
         {Beutler}, Florian and {Bird}, Jonathan C. and {Bizyaev}, Dmitry and
         {Blanc}, Guillermo A. and {Blomqvist}, Michael and {Bolton}, Adam S. and
         {Boquien}, M{\'e}d{\'e}ric and {Borissova}, Jura and
         {van den Bosch}, Remco and {Bovy}, Jo and {Brandt}, William N. and
         {Brinkmann}, Jonathan and {Brownstein}, Joel R. and {Bundy}, Kevin and
         {Burgasser}, Adam J. and {Burtin}, Etienne and {Busca}, Nicol{\'a}s G. and
         {Cappellari}, Michele and {Delgado Carigi}, Maria Leticia and
         {Carlberg}, Joleen K. and {Carnero Rosell}, Aurelio and
         {Carrera}, Ricardo and {Chanover}, Nancy J. and {Cherinka}, Brian and
         {Cheung}, Edmond and {G{\'o}mez Maqueo Chew}, Yilen and
         {Chiappini}, Cristina and {Choi}, Peter Doohyun and {Chojnowski}, Drew and
         {Chuang}, Chia-Hsun and {Chung}, Haeun and {Cirolini}, Rafael Fernando and
         {Clerc}, Nicolas and {Cohen}, Roger E. and {Comparat}, Johan and
         {da Costa}, Luiz and {Cousinou}, Marie-Claude and {Covey}, Kevin and
         {Crane}, Jeffrey D. and {Croft}, Rupert A.~C. and
         {Cruz-Gonzalez}, Irene and {Garrido Cuadra}, Daniel and {Cunha}, Katia and
         {Damke}, Guillermo J. and {Darling}, Jeremy and {Davies}, Roger and
         {Dawson}, Kyle and {de la Macorra}, Axel and {Dell'Agli}, Flavia and
         {De Lee}, Nathan and {Delubac}, Timoth{\'e}e and {Di Mille}, Francesco and
         {Diamond-Stanic}, Aleks and {Cano-D{\'\i}az}, Mariana and
         {Donor}, John and {Downes}, Juan Jos{\'e} and {Drory}, Niv and
         {du Mas des Bourboux}, H{\'e}lion and {Duckworth}, Christopher J. and
         {Dwelly}, Tom and {Dyer}, Jamie and {Ebelke}, Garrett and
         {Eigenbrot}, Arthur D. and {Eisenstein}, Daniel J. and
         {Emsellem}, Eric and {Eracleous}, Mike and {Escoffier}, Stephanie and
         {Evans}, Michael L. and {Fan}, Xiaohui and {Fern{\'a}ndez-Alvar}, Emma and
         {Fernandez-Trincado}, J.~G. and {Feuillet}, Diane K. and
         {Finoguenov}, Alexis and {Fleming}, Scott W. and {Font-Ribera}, Andreu and
         {Fredrickson}, Alexander and {Freischlad}, Gordon and
         {Frinchaboy}, Peter M. and {Fuentes}, Carla E. and
         {Galbany}, Llu{\'\i}s and {Garcia-Dias}, R. and
         {Garc{\'\i}a-Hern{\'a}ndez}, D.~A. and {Gaulme}, Patrick and
         {Geisler}, Doug and {Gelfand}, Joseph D. and
         {Gil-Mar{\'\i}n}, H{\'e}ctor and {Gillespie}, Bruce A. and
         {Goddard}, Daniel and {Gonzalez-Perez}, Violeta and
         {Grabowski}, Kathleen and {Green}, Paul J. and {Grier}, Catherine J. and
         {Gunn}, James E. and {Guo}, Hong and {Guy}, Julien and {Hagen}, Alex and
         {Hahn}, ChangHoon and {Hall}, Matthew and {Harding}, Paul and
         {Hasselquist}, Sten and {Hawley}, Suzanne L. and {Hearty}, Fred and
         {Gonzalez Hern{\'a}ndez}, Jonay I. and {Ho}, Shirley and
         {Hogg}, David W. and {Holley-Bockelmann}, Kelly and {Holtzman}, Jon A. and
         {Holzer}, Parker H. and {Huehnerhoff}, Joseph and
         {Hutchinson}, Timothy A. and {Hwang}, Ho Seong and
         {Ibarra-Medel}, H{\'e}ctor J. and {da Silva Ilha}, Gabriele and
         {Ivans}, Inese I. and {Ivory}, KeShawn and {Jackson}, Kelly and
         {Jensen}, Trey W. and {Johnson}, Jennifer A. and {Jones}, Amy and
         {J{\"o}nsson}, Henrik and {Jullo}, Eric and {Kamble}, Vikrant and
         {Kinemuchi}, Karen and {Kirkby}, David and {Kitaura}, Francisco-Shu and
         {Klaene}, Mark and {Knapp}, Gillian R. and {Kneib}, Jean-Paul and
         {Kollmeier}, Juna A. and {Lacerna}, Ivan and {Lane}, Richard R. and
         {Lang}, Dustin and {Law}, David R. and {Lazarz}, Daniel and
         {Lee}, Youngbae and {Le Goff}, Jean-Marc and {Liang}, Fu-Heng and
         {Li}, Cheng and {Li}, Hongyu and {Lian}, Jianhui and {Lima}, Marcos and
         {Lin}, Lihwai and {Lin}, Yen-Ting and {Bertran de Lis}, Sara and
         {Liu}, Chao and {de Icaza Lizaola}, Miguel Angel C. and {Long}, Dan and
         {Lucatello}, Sara and {Lundgren}, Britt and {MacDonald}, Nicholas K. and
         {Deconto Machado}, Alice and {MacLeod}, Chelsea L. and
         {Mahadevan}, Suvrath and {Geimba Maia}, Marcio Antonio and
         {Maiolino}, Roberto and {Majewski}, Steven R. and
         {Malanushenko}, Elena and {Malanushenko}, Viktor and
         {Manchado}, Arturo and {Mao}, Shude and {Maraston}, Claudia and
         {Marques-Chaves}, Rui and {Masseron}, Thomas and {Masters}, Karen L. and
         {McBride}, Cameron K. and {McDermid}, Richard M. and
         {McGrath}, Brianne and {McGreer}, Ian D. and
         {Medina Pe{\~n}a}, Nicol{\'a}s and {Melendez}, Matthew and
         {Merloni}, Andrea and {Merrifield}, Michael R. and
         {Meszaros}, Szabolcs and {Meza}, Andres and {Minchev}, Ivan and
         {Minniti}, Dante and {Miyaji}, Takamitsu and {More}, Surhud and
         {Mulchaey}, John and {M{\"u}ller-S{\'a}nchez}, Francisco and
         {Muna}, Demitri and {Munoz}, Ricardo R. and {Myers}, Adam D. and
         {Nair}, Preethi and {Nandra}, Kirpal and
         {Correa do Nascimento}, Janaina and {Negrete}, Alenka and
         {Ness}, Melissa and {Newman}, Jeffrey A. and {Nichol}, Robert C. and
         {Nidever}, David L. and {Nitschelm}, Christian and {Ntelis}, Pierros and
         {O'Connell}, Julia E. and {Oelkers}, Ryan J. and {Oravetz}, Audrey and
         {Oravetz}, Daniel and {Pace}, Zach and {Padilla}, Nelson and
         {Palanque-Delabrouille}, Nathalie and {Alonso Palicio}, Pedro and
         {Pan}, Kaike and {Parejko}, John K. and {Parikh}, Taniya and
         {P{\^a}ris}, Isabelle and {Park}, Changbom and {Patten}, Alim Y. and
         {Peirani}, Sebastien and {Pellejero-Ibanez}, Marcos and
         {Penny}, Samantha and {Percival}, Will J. and {Perez-Fournon}, Ismael and
         {Petitjean}, Patrick and {Pieri}, Matthew M. and {Pinsonneault}, Marc and
         {Pisani}, Alice and {Poleski}, Rados{\l}aw and {Prada}, Francisco and
         {Prakash}, Abhishek and {Queiroz}, Anna B{\'a}rbara de Andrade and
         {Raddick}, M. Jordan and {Raichoor}, Anand and {Barboza Rembold}, Sand
        ro and {Richstein}, Hannah and {Riffel}, Rogemar A. and
         {Riffel}, Rog{\'e}rio and {Rix}, Hans-Walter and {Robin}, Annie C. and
         {Rockosi}, Constance M. and {Rodr{\'\i}guez-Torres}, Sergio and
         {Roman-Lopes}, A. and {Rom{\'a}n-Z{\'u}{\~n}iga}, Carlos and
         {Rosado}, Margarita and {Ross}, Ashley J. and {Rossi}, Graziano and
         {Ruan}, John and {Ruggeri}, Rossana and {Rykoff}, Eli S. and
         {Salazar-Albornoz}, Salvador and {Salvato}, Mara and
         {S{\'a}nchez}, Ariel G. and {Aguado}, D.~S. and
         {S{\'a}nchez-Gallego}, Jos{\'e} R. and {Santana}, Felipe A. and
         {Santiago}, Bas{\'\i}lio Xavier and {Sayres}, Conor and
         {Schiavon}, Ricardo P. and {da Silva Schimoia}, Jaderson and
         {Schlafly}, Edward F. and {Schlegel}, David J. and
         {Schneider}, Donald P. and {Schultheis}, Mathias and
         {Schuster}, William J. and {Schwope}, Axel and {Seo}, Hee-Jong and
         {Shao}, Zhengyi and {Shen}, Shiyin and {Shetrone}, Matthew and
         {Shull}, Michael and {Simon}, Joshua D. and {Skinner}, Danielle and
         {Skrutskie}, M.~F. and {Slosar}, An{\v{z}}e and {Smith}, Verne V. and
         {Sobeck}, Jennifer S. and {Sobreira}, Flavia and {Somers}, Garrett and
         {Souto}, Diogo and {Stark}, David V. and {Stassun}, Keivan and
         {Stauffer}, Fritz and {Steinmetz}, Matthias and
         {Storchi-Bergmann}, Thaisa and {Streblyanska}, Alina and
         {Stringfellow}, Guy S. and {Su{\'a}rez}, Genaro and {Sun}, Jing and
         {Suzuki}, Nao and {Szigeti}, Laszlo and {Taghizadeh-Popp}, Manuchehr and
         {Tang}, Baitian and {Tao}, Charling and {Tayar}, Jamie and
         {Tembe}, Mita and {Teske}, Johanna and {Thakar}, Aniruddha R. and
         {Thomas}, Daniel and {Thompson}, Benjamin A. and {Tinker}, Jeremy L. and
         {Tissera}, Patricia and {Tojeiro}, Rita and {Hernandez Toledo}, Hector and
         {de la Torre}, Sylvain and {Tremonti}, Christy and
         {Troup}, Nicholas W. and {Valenzuela}, Octavio and
         {Martinez Valpuesta}, Inma and {Vargas-Gonz{\'a}lez}, Jaime and
         {Vargas-Maga{\~n}a}, Mariana and {Vazquez}, Jose Alberto and
         {Villanova}, Sandro and {Vivek}, M. and {Vogt}, Nicole and
         {Wake}, David and {Walterbos}, Rene and {Wang}, Yuting and
         {Weaver}, Benjamin Alan and {Weijmans}, Anne-Marie and
         {Weinberg}, David H. and {Westfall}, Kyle B. and {Whelan}, David G. and
         {Wild}, Vivienne and {Wilson}, John and {Wood-Vasey}, W.~M. and
         {Wylezalek}, Dominika and {Xiao}, Ting and {Yan}, Renbin and
         {Yang}, Meng and {Ybarra}, Jason E. and {Y{\`e}che}, Christophe and
         {Zakamska}, Nadia and {Zamora}, Olga and {Zarrouk}, Pauline and
         {Zasowski}, Gail and {Zhang}, Kai and {Zhao}, Gong-Bo and
         {Zheng}, Zheng and {Zheng}, Zheng and {Zhou}, Xu and {Zhou}, Zhi-Min and
         {Zhu}, Guangtun B. and {Zoccali}, Manuela and {Zou}, Hu},
        title = "{Sloan Digital Sky Survey IV: Mapping the Milky Way, Nearby Galaxies, and the Distant Universe}",
      journal = {\aj},
     keywords = {cosmology: observations, galaxies: general, Galaxy: general, instrumentation: spectrographs, stars: general, surveys, Astrophysics - Astrophysics of Galaxies},
         year = "2017",
        month = "Jul",
       volume = {154},
       number = {1},
          eid = {28},
        pages = {28},
          doi = {10.3847/1538-3881/aa7567},
archivePrefix = {arXiv},
       eprint = {1703.00052},
 primaryClass = {astro-ph.GA},
       adsurl = {https://ui.adsabs.harvard.edu/abs/2017AJ....154...28B},
      adsnote = {Provided by the SAO/NASA Astrophysics Data System}
}

@inproceedings{borne09,
	Adsnote = {Provided by the SAO/NASA Astrophysics Data System},
	Archiveprefix = {arXiv},
	Author = {{Borne}, Kirk and {Accomazzi}, Alberto and {Bloom}, Joshua and {Brunner}, Robert and {Burke}, Douglas and {Butler}, Nathaniel and {Chernoff}, David F. and {Connolly}, Brian and {Connolly}, Andrew and {Connors}, Alanna and {Cutler}, Curt and {Desai}, Shantanu and {Djorgovski}, George and {Feigelson}, Eric and {Finn}, L. Samuel and {Freeman}, Peter and {Graham}, Matthew and {Gray}, Norman and {Graziani}, Carlo and {Guinan}, Edward F. and {Hakkila}, Jon and {Jacoby}, Suzanne and {Jefferys}, William and {Kashyap} and {Kelly}, Brandon and {Knuth}, Kevin and {Lamb}, Donald Q. and {Lee}, Hyunsook and {Loredo}, Thomas and {Mahabal}, Ashish and {Mateo}, Mario and {McCollum}, Bruce and {Muench}, August and {Pesenson}, Misha and {Petrosian}, Vahe and {Primini}, Frank and {Protopapas}, Pavlos and {Ptak}, Andy and {Quashnock}, Jean and {Raddick}, M. Jordan and {Rocha}, Graca and {Ross}, Nicholas and {Rottler}, Lee and {Scargle}, Jeffrey and {Siemiginowska}, Aneta and {Song}, Inseok and {Szalay}, Alex and {Tyson}, J. Anthony and {Vestrand}, Tom and {Wallin}, John and {Wandelt}, Ben and {Wasserman}, Ira M. and {Way}, Michael and {Weinberg}, Martin and {Zezas}, Andreas and {Anderes}, Ethan and {Babu}, Jogesh and {Becla}, Jacek and {Berger}, James and {Bickel}, Peter J. and {Clyde}, Merlise and {Davidson}, Ian and {van Dyk}, David and {Eastman}, Timothy and {Efron}, Bradley and {Genovese}, Chris and {Gray}, Alexander and {Jang}, Woncheol and {Kolaczyk}, Eric D. and {Kubica}, Jeremy and {Loh}, Ji Meng and {Meng}, Xiao-Li and {Moore}, Andrew and {Morris}, Robin and {Park}, Taeyoung and {Pike}, Robe and {Rice}, John and {Richards}, Joseph and {Ruppert}, David and {Saito}, Naoki and {Schafer}, Chad and {Stark}, Philip B. and {Stein}, Michael and {Sun}, Jiayang and {Wang}, Daniel and {Wang}, Ziao and {Wasserman}, Larry and {Wegman}, Edward J. and {Willett}, Rebecca and {Wolpert}, Robert and {Woodroofe}, Michael},
	Booktitle = {astro2010: The Astronomy and Astrophysics Decadal Survey},
	Date-Added = {2019-01-31 14:03:55 -0800},
	Date-Modified = {2019-01-31 14:03:59 -0800},
	Eprint = {0909.3892},
	Keywords = {Astrophysics - Instrumentation and Methods for Astrophysics, Computer Science - Databases, Computer Science - Digital Libraries, Computer Science - Information Retrieval, Physics - Data Analysis, Statistics and Probability},
	Month = Jan,
	Pages = {P6},
	Primaryclass = {astro-ph.IM},
	Title = {{Astroinformatics: A 21st Century Approach to Astronomy}},
	Volume = {2010},
	Year = 2009}

@book{NAP21722,
	Abstract = {New astronomical facilities, such as the under-construction Large Synoptic Survey Telescope and planned 30-meter-class telescopes, and new instrumentation on existing optical and infrared (OIR) telescopes, hold the promise of groundbreaking research and discovery. How can we extract the best science from these and other astronomical facilities in an era of potentially flat federal budgets for both the facilities and the research grants?  Optimizing the U.S. Ground-Based Optical and Infrared Astronomy System provides guidance for these new programs that align with the scientific priorities and the conclusions and recommendations of two National Research Council (NRC) decadal surveys, New Worlds, New Horizons for Astronomy and Astrophysics and Vision and Voyages for Planetary Sciences in the Decade 2013-2022, as well as other NRC reports.\nThis report describes a vision for a U.S. OIR System that includes a telescope time exchange designed to enhance science return by broadening access to capabilities for a diverse community, an ongoing planning process to identify and construct next generation capabilities to realize decadal science priorities, and near-term critical coordination, planning, and instrumentation needed to usher in the era of LSST and giant telescopes.},
	Address = {Washington, DC},
	Author = {National Research Council},
	Date-Added = {2019-01-31 09:44:30 -0800},
	Date-Modified = {2019-01-31 09:44:30 -0800},
	Doi = {10.17226/21722},
	Isbn = {978-0-309-37186-5},
	Publisher = {The National Academies Press},
	Title = {Optimizing the U.S. Ground-Based Optical and Infrared Astronomy System},
	Url = {https://www.nap.edu/catalog/21722/optimizing-the-us-ground-based-optical-and-infrared-astronomy-system},
	Year = 2015,
	Bdsk-Url-1 = {https://www.nap.edu/catalog/21722/optimizing-the-us-ground-based-optical-and-infrared-astronomy-system},
	Bdsk-Url-2 = {https://doi.org/10.17226/21722}}

@ARTICLE{2018arXiv180904082C,
       author = {{Cunningham}, Emily C. and {Deason}, Alis J. and
         {Rockosi}, Constance M. and {Guhathakurta}, Puragra and
         {Jennings}, Zachary G. and {Kirby}, Evan N. and {Toloba}, Elisa and
         {Barro}, Guillermo},
        title = "{HALO7D I: The Line of Sight Velocities of Distant Main Sequence Stars in the Milky Way Halo}",
      journal = {arXiv e-prints},
     keywords = {Astrophysics - Astrophysics of Galaxies},
         year = "2018",
        month = "Sep",
          eid = {arXiv:1809.04082},
        pages = {arXiv:1809.04082},
archivePrefix = {arXiv},
       eprint = {1809.04082},
 primaryClass = {astro-ph.GA},
      adsnote = {Provided by the SAO/NASA Astrophysics Data System}
}

@ARTICLE{2018arXiv181012201C,
       author = {{Cunningham}, Emily C. and {Deason}, Alis J. and {Sanderson}, Robyn E. and
         {Sohn}, Sangmo Tony and {Anderson}, Jay and {Guhathakurta}, Puragra and
         {Rockosi}, Constance M. and {van der Marel}, Roeland P. and
         {Loebman}, Sarah R. and {Wetzel}, Andrew},
        title = "{HALO7D II: The Halo Velocity Ellipsoid and Velocity Anisotropy with Distant Main Sequence Stars}",
      journal = {arXiv e-prints},
     keywords = {Astrophysics - Astrophysics of Galaxies},
         year = "2018",
        month = "Oct",
          eid = {arXiv:1810.12201},
        pages = {arXiv:1810.12201},
archivePrefix = {arXiv},
       eprint = {1810.12201},
 primaryClass = {astro-ph.GA},
       adsurl = {https://ui.adsabs.harvard.edu/abs/2018arXiv181012201C},
      adsnote = {Provided by the SAO/NASA Astrophysics Data System}
}

@INPROCEEDINGS{2003SPIE.4834..161D,
       author = {{Davis}, Marc and {Faber}, Sandra M. and {Newman}, Jeffrey and
         {Phillips}, Andrew C. and {Ellis}, Richard S. and
         {Steidel}, Charles C. and {Conselice}, C. and {Coil}, Alison L. and
         {Finkbeiner}, D.~P. and {Koo}, David C. and {Guhathakurta}, Puragra and
         {Weiner}, B. and {Schiavon}, Ricardo and {Willmer}, C. and
         {Kaiser}, Nicholas and {Luppino}, Gerard A. and {Wirth}, Gregory and
         {Connolly}, Andrew and {Eisenhardt}, Peter and {Cooper}, M. and
         {Gerke}, B.},
        title = "{Science Objectives and Early Results of the DEEP2 Redshift Survey}",
     keywords = {Astrophysics},
    booktitle = {Discoveries and Research Prospects from 6- to 10-Meter-Class Telescopes II},
         year = "2003",
       editor = {{Guhathakurta}, Puragra},
       series = {Society of Photo-Optical Instrumentation Engineers (SPIE) Conference Series},
       volume = {4834},
        month = "Feb",
        pages = {161-172},
          doi = {10.1117/12.457897},
archivePrefix = {arXiv},
       eprint = {astro-ph/0209419},
 primaryClass = {astro-ph},
       adsurl = {https://ui.adsabs.harvard.edu/abs/2003SPIE.4834..161D},
      adsnote = {Provided by the SAO/NASA Astrophysics Data System}
}

@ARTICLE{2013ApJ...779..103D,
       author = {{Dorman}, Claire E. and {Widrow}, Lawrence M. and
         {Guhathakurta}, Puragra and {Seth}, Anil C. and
         {Foreman-Mackey}, Daniel and {Bell}, Eric F. and
         {Dalcanton}, Julianne J. and {Gilbert}, Karoline M. and
         {Skillman}, Evan D. and {Williams}, Benjamin F.},
        title = "{A New Approach to Detailed Structural Decomposition from the SPLASH and PHAT Surveys: Kicked-up Disk Stars in the Andromeda Galaxy?}",
      journal = {\apj},
     keywords = {galaxies: kinematics and dynamics, galaxies: spiral, galaxies: structure, Local Group, Astrophysics - Astrophysics of Galaxies, Astrophysics - Cosmology and Nongalactic Astrophysics},
         year = "2013",
        month = "Dec",
       volume = {779},
       number = {2},
          eid = {103},
        pages = {103},
          doi = {10.1088/0004-637X/779/2/103},
archivePrefix = {arXiv},
       eprint = {1310.4179},
 primaryClass = {astro-ph.GA},
       adsurl = {https://ui.adsabs.harvard.edu/abs/2013ApJ...779..103D},
      adsnote = {Provided by the SAO/NASA Astrophysics Data System}
}

@ARTICLE{2015ApJ...803...24D,
       author = {{Dorman}, Claire E. and {Guhathakurta}, Puragra and {Seth}, Anil C. and
         {Weisz}, Daniel R. and {Bell}, Eric F. and {Dalcanton}, Julianne J. and
         {Gilbert}, Karoline M. and {Hamren}, Katherine M. and
         {Lewis}, Alexia R. and {Skillman}, Evan D. and {Toloba}, Elisa and
         {Williams}, Benjamin F.},
        title = "{A Clear Age-Velocity Dispersion Correlation in Andromeda{\textquoteright}s Stellar Disk}",
      journal = {\apj},
     keywords = {galaxies: individual: M31, galaxies: kinematics and dynamics, galaxies: spiral, galaxies: stellar content, Astrophysics - Astrophysics of Galaxies},
         year = "2015",
        month = "Apr",
       volume = {803},
       number = {1},
          eid = {24},
        pages = {24},
          doi = {10.1088/0004-637X/803/1/24},
archivePrefix = {arXiv},
       eprint = {1502.03820},
 primaryClass = {astro-ph.GA},
       adsurl = {https://ui.adsabs.harvard.edu/abs/2015ApJ...803...24D},
      adsnote = {Provided by the SAO/NASA Astrophysics Data System}
}



@ARTICLE{2019ApJ...871..120E,
       author = {{Eilers}, Anna-Christina and {Hogg}, David W. and {Rix}, Hans-Walter and
         {Ness}, Melissa K.},
        title = "{The Circular Velocity Curve of the Milky Way from 5 to 25 kpc}",
      journal = {\apj},
     keywords = {catalogs, Galaxy: disk, Galaxy: kinematics and dynamics, methods: statistical, stars: distances, techniques: spectroscopic},
         year = "2019",
        month = "Jan",
       volume = {871},
          eid = {120},
        pages = {120},
          doi = {10.3847/1538-4357/aaf648},
      adsnote = {Provided by the SAO/NASA Astrophysics Data System}
}

@ARTICLE{2011AJ....142...72E,
       author = {{Eisenstein}, Daniel J. and {Weinberg}, David H. and {Agol}, Eric and
         {Aihara}, Hiroaki and {Allende Prieto}, Carlos and
         {Anderson}, Scott F. and {Arns}, James A. and {Aubourg}, {\'E}ric and
         {Bailey}, Stephen and {Balbinot}, Eduardo and {Barkhouser}, Robert and
         {Beers}, Timothy C. and {Berlind}, Andreas A. and
         {Bickerton}, Steven J. and {Bizyaev}, Dmitry and {Blanton}, Michael R. and
         {Bochanski}, John J. and {Bolton}, Adam S. and {Bosman}, Casey T. and
         {Bovy}, Jo and {Brandt}, W.~N. and {Breslauer}, Ben and
         {Brewington}, Howard J. and {Brinkmann}, J. and {Brown}, Peter J. and
         {Brownstein}, Joel R. and {Burger}, Dan and {Busca}, Nicolas G. and
         {Campbell}, Heather and {Cargile}, Phillip A. and
         {Carithers}, William C. and {Carlberg}, Joleen K. and
         {Carr}, Michael A. and {Chang}, Liang and {Chen}, Yanmei and
         {Chiappini}, Cristina and {Comparat}, Johan and {Connolly}, Natalia and
         {Cortes}, Marina and {Croft}, Rupert A.~C. and {Cunha}, Katia and
         {da Costa}, Luiz N. and {Davenport}, James R.~A. and {Dawson}, Kyle and
         {De Lee}, Nathan and {Porto de Mello}, Gustavo F. and {de Simoni}, Fernand
        o and {Dean}, Janice and {Dhital}, Saurav and {Ealet}, Anne and
         {Ebelke}, Garrett L. and {Edmondson}, Edward M. and {Eiting}, Jacob M. and
         {Escoffier}, Stephanie and {Esposito}, Massimiliano and
         {Evans}, Michael L. and {Fan}, Xiaohui and
         {Femen{\'\i}a Castell{\'a}}, Bruno and {Dutra Ferreira}, Leticia and
         {Fitzgerald}, Greg and {Fleming}, Scott W. and {Font-Ribera}, Andreu and
         {Ford}, Eric B. and {Frinchaboy}, Peter M. and
         {Garc{\'\i}a P{\'e}rez}, Ana Elia and {Gaudi}, B. Scott and {Ge}, Jian and
         {Ghezzi}, Luan and {Gillespie}, Bruce A. and {Gilmore}, G. and
         {Girardi}, L{\'e}o and {Gott}, J. Richard and {Gould}, Andrew and
         {Grebel}, Eva K. and {Gunn}, James E. and {Hamilton}, Jean-Christophe and
         {Harding}, Paul and {Harris}, David W. and {Hawley}, Suzanne L. and
         {Hearty}, Frederick R. and {Hennawi}, Joseph F. and
         {Gonz{\'a}lez Hern{\'a}ndez}, Jonay I. and {Ho}, Shirley and
         {Hogg}, David W. and {Holtzman}, Jon A. and {Honscheid}, Klaus and
         {Inada}, Naohisa and {Ivans}, Inese I. and {Jiang}, Linhua and
         {Jiang}, Peng and {Johnson}, Jennifer A. and {Jordan}, Cathy and
         {Jordan}, Wendell P. and {Kauffmann}, Guinevere and {Kazin}, Eyal and
         {Kirkby}, David and {Klaene}, Mark A. and {Knapp}, G.~R. and
         {Kneib}, Jean-Paul and {Kochanek}, C.~S. and {Koesterke}, Lars and
         {Kollmeier}, Juna A. and {Kron}, Richard G. and {Lampeitl}, Hubert and
         {Lang}, Dustin and {Lawler}, James E. and {Le Goff}, Jean-Marc and
         {Lee}, Brian L. and {Lee}, Young Sun and {Leisenring}, Jarron M. and
         {Lin}, Yen-Ting and {Liu}, Jian and {Long}, Daniel C. and
         {Loomis}, Craig P. and {Lucatello}, Sara and {Lundgren}, Britt and
         {Lupton}, Robert H. and {Ma}, Bo and {Ma}, Zhibo and
         {MacDonald}, Nicholas and {Mack}, Claude and {Mahadevan}, Suvrath and
         {Maia}, Marcio A.~G. and {Majewski}, Steven R. and {Makler}, Martin and
         {Malanushenko}, Elena and {Malanushenko}, Viktor and {Mand
        elbaum}, Rachel and {Maraston}, Claudia and {Margala}, Daniel and
         {Maseman}, Paul and {Masters}, Karen L. and {McBride}, Cameron K. and
         {McDonald}, Patrick and {McGreer}, Ian D. and {McMahon}, Richard G. and
         {Mena Requejo}, Olga and {M{\'e}nard}, Brice and
         {Miralda-Escud{\'e}}, Jordi and {Morrison}, Heather L. and
         {Mullally}, Fergal and {Muna}, Demitri and {Murayama}, Hitoshi and
         {Myers}, Adam D. and {Naugle}, Tracy and {Neto}, Angelo Fausti and
         {Nguyen}, Duy Cuong and {Nichol}, Robert C. and {Nidever}, David L. and
         {O'Connell}, Robert W. and {Ogando}, Ricardo L.~C. and
         {Olmstead}, Matthew D. and {Oravetz}, Daniel J. and
         {Padmanabhan}, Nikhil and {Paegert}, Martin and
         {Palanque-Delabrouille}, Nathalie and {Pan}, Kaike and {Pandey}, Parul and
         {Parejko}, John K. and {P{\^a}ris}, Isabelle and {Pellegrini}, Paulo and
         {Pepper}, Joshua and {Percival}, Will J. and {Petitjean}, Patrick and
         {Pfaffenberger}, Robert and {Pforr}, Janine and {Phleps}, Stefanie and
         {Pichon}, Christophe and {Pieri}, Matthew M. and {Prada}, Francisco and
         {Price-Whelan}, Adrian M. and {Raddick}, M. Jordan and
         {Ramos}, Beatriz H.~F. and {Reid}, I. Neill and {Reyle}, Celine and
         {Rich}, James and {Richards}, Gordon T. and {Rieke}, George H. and
         {Rieke}, Marcia J. and {Rix}, Hans-Walter and {Robin}, Annie C. and
         {Rocha-Pinto}, Helio J. and {Rockosi}, Constance M. and
         {Roe}, Natalie A. and {Rollinde}, Emmanuel and {Ross}, Ashley J. and
         {Ross}, Nicholas P. and {Rossetto}, Bruno and {S{\'a}nchez}, Ariel G. and
         {Santiago}, Basilio and {Sayres}, Conor and {Schiavon}, Ricardo and
         {Schlegel}, David J. and {Schlesinger}, Katharine J. and
         {Schmidt}, Sarah J. and {Schneider}, Donald P. and {Sellgren}, Kris and
         {Shelden}, Alaina and {Sheldon}, Erin and {Shetrone}, Matthew and
         {Shu}, Yiping and {Silverman}, John D. and {Simmerer}, Jennifer and
         {Simmons}, Audrey E. and {Sivarani}, Thirupathi and {Skrutskie}, M.~F. and
         {Slosar}, An{\v{z}}e and {Smee}, Stephen and {Smith}, Verne V. and
         {Snedden}, Stephanie A. and {Stassun}, Keivan G. and {Steele}, Oliver and
         {Steinmetz}, Matthias and {Stockett}, Mark H. and {Stollberg}, Todd and
         {Strauss}, Michael A. and {Szalay}, Alexander S. and
         {Tanaka}, Masayuki and {Thakar}, Aniruddha R. and {Thomas}, Daniel and
         {Tinker}, Jeremy L. and {Tofflemire}, Benjamin M. and {Tojeiro}, Rita and
         {Tremonti}, Christy A. and {Vargas Maga{\~n}a}, Mariana and
         {Verde}, Licia and {Vogt}, Nicole P. and {Wake}, David A. and
         {Wan}, Xiaoke and {Wang}, Ji and {Weaver}, Benjamin A. and
         {White}, Martin and {White}, Simon D.~M. and {Wilson}, John C. and
         {Wisniewski}, John P. and {Wood-Vasey}, W. Michael and {Yanny}, Brian and
         {Yasuda}, Naoki and {Y{\`e}che}, Christophe and {York}, Donald G. and
         {Young}, Erick and {Zasowski}, Gail and {Zehavi}, Idit and {Zhao}, Bo},
        title = "{SDSS-III: Massive Spectroscopic Surveys of the Distant Universe, the Milky Way, and Extra-Solar Planetary Systems}",
      journal = {\aj},
     keywords = {cosmology: observations, Galaxy: evolution, planets and satellites: detection, surveys, Astrophysics - Instrumentation and Methods for Astrophysics},
         year = "2011",
        month = "Sep",
       volume = {142},
       number = {3},
          eid = {72},
        pages = {72},
          doi = {10.1088/0004-6256/142/3/72},
archivePrefix = {arXiv},
       eprint = {1101.1529},
 primaryClass = {astro-ph.IM},
       adsurl = {https://ui.adsabs.harvard.edu/abs/2011AJ....142...72E},
      adsnote = {Provided by the SAO/NASA Astrophysics Data System}
}


@ARTICLE{2011ApJS..197...35G,
       author = {{Grogin}, Norman A. and {Kocevski}, Dale D. and {Faber}, S.~M. and
        {Ferguson}, Henry C. and {Koekemoer}, Anton M. and {Riess}, Adam
        G. and {Acquaviva}, Viviana and {Alexander}, David M. and
        {Almaini}, Omar and {Ashby}, Matthew L.~N. and {Barden}, Marco
        and {Bell}, Eric F. and {Bournaud}, Fr{\'e}d{\'e}ric and
        {Brown}, Thomas M. and {Caputi}, Karina I. and {Casertano},
        Stefano and {Cassata}, Paolo and {Castellano}, Marco and
        {Challis}, Peter and {Chary}, Ranga-Ram and {Cheung}, Edmond and
        {Cirasuolo}, Michele and {Conselice}, Christopher J. and {Roshan
        Cooray}, Asantha and {Croton}, Darren J. and {Daddi}, Emanuele
        and {Dahlen}, Tomas and {Dav{\'e}}, Romeel and {de Mello},
        Du{\'\i}lia F. and {Dekel}, Avishai and {Dickinson}, Mark and
        {Dolch}, Timothy and {Donley}, Jennifer L. and {Dunlop}, James
        S. and {Dutton}, Aaron A. and {Elbaz}, David and {Fazio},
        Giovanni G. and {Filippenko}, Alexei V. and {Finkelstein},
        Steven L. and {Fontana}, Adriano and {Gardner}, Jonathan P. and
        {Garnavich}, Peter M. and {Gawiser}, Eric and {Giavalisco},
        Mauro and {Grazian}, Andrea and {Guo}, Yicheng and {Hathi},
        Nimish P. and {H{\"a}ussler}, Boris and {Hopkins}, Philip F. and
        {Huang}, Jia-Sheng and {Huang}, Kuang-Han and {Jha}, Saurabh W.
        and {Kartaltepe}, Jeyhan S. and {Kirshner}, Robert P. and {Koo},
        David C. and {Lai}, Kamson and {Lee}, Kyoung-Soo and {Li},
        Weidong and {Lotz}, Jennifer M. and {Lucas}, Ray A. and {Madau},
        Piero and {McCarthy}, Patrick J. and {McGrath}, Elizabeth J. and
        {McIntosh}, Daniel H. and {McLure}, Ross J. and {Mobasher},
        Bahram and {Moustakas}, Leonidas A. and {Mozena}, Mark and
        {Nandra}, Kirpal and {Newman}, Jeffrey A. and {Niemi}, Sami-
        Matias and {Noeske}, Kai G. and {Papovich}, Casey J. and
        {Pentericci}, Laura and {Pope}, Alexandra and {Primack}, Joel R.
        and {Rajan}, Abhijith and {Ravindranath}, Swara and {Reddy},
        Naveen A. and {Renzini}, Alvio and {Rix}, Hans-Walter and
        {Robaina}, Aday R. and {Rodney}, Steven A. and {Rosario}, David
        J. and {Rosati}, Piero and {Salimbeni}, Sara and {Scarlata},
        Claudia and {Siana}, Brian and {Simard}, Luc and {Smidt}, Joseph
        and {Somerville}, Rachel S. and {Spinrad}, Hyron and {Straughn},
        Amber N. and {Strolger}, Louis-Gregory and {Telford}, Olivia and
        {Teplitz}, Harry I. and {Trump}, Jonathan R. and {van der Wel},
        Arjen and {Villforth}, Carolin and {Wechsler}, Risa H. and
        {Weiner}, Benjamin J. and {Wiklind}, Tommy and {Wild}, Vivienne
        and {Wilson}, Grant and {Wuyts}, Stijn and {Yan}, Hao-Jing and
        {Yun}, Min S.},
        title = "{CANDELS: The Cosmic Assembly Near-infrared Deep Extragalactic Legacy Survey}",
      journal = {The Astrophysical Journal Supplement Series},
     keywords = {cosmology: observations, galaxies: high-redshift, Astrophysics - Cosmology and Nongalactic Astrophysics},
         year = 2011,
        month = Dec,
       volume = {197},
          eid = {35},
        pages = {35},
          doi = {10.1088/0067-0049/197/2/35},
archivePrefix = {arXiv},
       eprint = {1105.3753},
 primaryClass = {astro-ph.CO},
      adsnote = {Provided by the SAO/NASA Astrophysics Data System}
}

@article{hemmati18,
	Adsnote = {Provided by the SAO/NASA Astrophysics Data System},
	Archiveprefix = {arXiv},
	Author = {{Hemmati}, S. and {Capak}, P. and {Masters}, D. and {Davidzon}, I. and {Dore}, O. and {Mobasher}, B. and {Rhodes}, J. and {Scolnic}, D. and {Stern}, D.},
	Date-Added = {2019-01-31 06:08:22 -0800},
	Date-Modified = {2019-01-31 06:08:22 -0800},
	Eprint = {1808.10458},
	Journal = {arXiv e-prints},
	Keywords = {Astrophysics - Astrophysics of Galaxies},
	Month = aug,
	Title = {{Photometric redshift calibration requirements for WFIRST Weak Lensing Cosmology: Predictions from CANDELS}},
	Year = 2018}

@ARTICLE{2017ApJ...836....5H,
       author = {{Ho}, Anna Y.~Q. and {Ness}, Melissa K. and {Hogg}, David W. and
         {Rix}, Hans-Walter and {Liu}, Chao and {Yang}, Fan and {Zhang}, Yong and
         {Hou}, Yonghui and {Wang}, Yuefei},
        title = "{Label Transfer from APOGEE to LAMOST: Precise Stellar Parameters for 450,000 LAMOST Giants}",
      journal = {\apj},
     keywords = {catalogs, methods: data analysis, methods: statistical, stars: abundances, stars: fundamental parameters, techniques: spectroscopic, Astrophysics - Solar and Stellar Astrophysics, Astrophysics - Astrophysics of Galaxies},
         year = "2017",
        month = "Feb",
       volume = {836},
          eid = {5},
        pages = {5},
          doi = {10.3847/1538-4357/836/1/5},
archivePrefix = {arXiv},
       eprint = {1602.00303},
 primaryClass = {astro-ph.SR},
      adsnote = {Provided by the SAO/NASA Astrophysics Data System}
}

@ARTICLE{1990Natur.346...24K,
       author = {{Kohonen}, T.},
        title = "{Cortical maps}",
      journal = {\nat},
         year = 1990,
        month = Jul,
       volume = {346},
        pages = {24},
          doi = {10.1038/346024b0},
      adsnote = {Provided by the SAO/NASA Astrophysics Data System}
}

@ARTICLE{2005A&A...439..845L,
       author = {{Le F{\`e}vre}, O. and {Vettolani}, G. and {Garilli}, B. and {Tresse},
        L. and {Bottini}, D. and {Le Brun}, V. and {Maccagni}, D. and
        {Picat}, J.~P. and {Scaramella}, R. and {Scodeggio}, M. and
        {Zanichelli}, A. and {Adami}, C. and {Arnaboldi}, M. and
        {Arnouts}, S. and {Bardelli}, S. and {Bolzonella}, M. and
        {Cappi}, A. and {Charlot}, S. and {Ciliegi}, P. and {Contini},
        T. and {Foucaud}, S. and {Franzetti}, P. and {Gavignaud}, I. and
        {Guzzo}, L. and {Ilbert}, O. and {Iovino}, A. and {McCracken},
        H.~J. and {Marano}, B. and {Marinoni}, C. and {Mathez}, G. and
        {Mazure}, A. and {Meneux}, B. and {Merighi}, R. and {Paltani},
        S. and {Pell{\`o}}, R. and {Pollo}, A. and {Pozzetti}, L. and
        {Radovich}, M. and {Zamorani}, G. and {Zucca}, E. and {Bondi},
        M. and {Bongiorno}, A. and {Busarello}, G. and {Lamareille}, F.
        and {Mellier}, Y. and {Merluzzi}, P. and {Ripepi}, V. and
        {Rizzo}, D.},
        title = "{The VIMOS VLT deep survey. First epoch VVDS-deep survey: 11 564 spectra with 17.5 {\ensuremath{\leq}} IAB {\ensuremath{\leq}} 24, and the redshift distribution over 0 {\ensuremath{\leq}} z {\ensuremath{\leq}} 5}",
      journal = {\aap},
     keywords = {cosmology: observations, galaxies: high-redshift, galaxies: distances and redshift, surveys, galaxies:, evolution, cosmology: large scale structure of Universe, Astrophysics},
         year = 2005,
        month = Sep,
       volume = {439},
        pages = {845-862},
          doi = {10.1051/0004-6361:20041960},
archivePrefix = {arXiv},
       eprint = {astro-ph/0409133},
 primaryClass = {astro-ph},
      adsnote = {Provided by the SAO/NASA Astrophysics Data System}
}

@article{laureijs11,
	Adsnote = {Provided by the SAO/NASA Astrophysics Data System},
	Archiveprefix = {arXiv},
	Author = {{Laureijs}, R. and {Amiaux}, J. and {Arduini}, S. and {Augu{\`e}res}, J.~-. and {Brinchmann}, J. and {Cole}, R. and {Cropper}, M. and {Dabin}, C. and {Duvet}, L. and {Ealet}, A. and et al.},
	Date-Added = {2019-01-31 12:03:28 -0800},
	Date-Modified = {2019-01-31 12:03:29 -0800},
	Eprint = {1110.3193},
	Journal = {arXiv e-prints},
	Keywords = {Astrophysics - Cosmology and Extragalactic Astrophysics, Astrophysics - Galaxy Astrophysics},
	Month = oct,
	Primaryclass = {astro-ph.CO},
	Title = {{Euclid Definition Study Report}},
	Year = 2011}

@ARTICLE{2019MNRAS.484.3425M,
       author = {{Mart{\'\i}n-Navarro}, Ignacio and {Romanowsky}, Aaron J. and
         {Brodie}, Jean P. and {Ferr{\'e}-Mateu}, Anna and {Alabi}, Adebusola and
         {Forbes}, Duncan A. and {Sharina}, Margarita and {Villaume}, Alexa and
         {Pandya}, Viraj and {Martinez-Delgado}, David},
        title = "{Extreme chemical abundance ratio suggesting an exotic origin for an ultradiffuse galaxy}",
      journal = {\mnras},
     keywords = {galaxies: abundances, galaxies: evolution, galaxies: formation, galaxies: stellar content, Astrophysics - Astrophysics of Galaxies},
         year = "2019",
        month = "Apr",
       volume = {484},
        pages = {3425-3433},
          doi = {10.1093/mnras/stz252},
archivePrefix = {arXiv},
       eprint = {1901.08068},
 primaryClass = {astro-ph.GA},
      adsnote = {Provided by the SAO/NASA Astrophysics Data System}
}

@article{masters15,
	Adsnote = {Provided by the SAO/NASA Astrophysics Data System},
	Archiveprefix = {arXiv},
	Author = {{Masters}, D. and {Capak}, P. and {Stern}, D. and {Ilbert}, O. and {Salvato}, M. and {Schmidt}, S. and {Longo}, G. and {Rhodes}, J. and {Paltani}, S. and {Mobasher}, B. and {Hoekstra}, H. and {Hildebrandt}, H. and {Coupon}, J. and {Steinhardt}, C. and {Speagle}, J. and {Faisst}, A. and {Kalinich}, A. and {Brodwin}, M. and {Brescia}, M. and {Cavuoti}, S.},
	Date-Added = {2019-01-31 12:01:12 -0800},
	Date-Modified = {2019-01-31 12:01:13 -0800},
	Doi = {10.1088/0004-637X/813/1/53},
	Eid = {53},
	Eprint = {1509.03318},
	Journal = {\apj},
	Keywords = {dark energy, dark matter, galaxies: distances and redshifts, large-scale structure of universe, methods: statistical},
	Month = nov,
	Pages = {53},
	Title = {{Mapping the Galaxy Color-Redshift Relation: Optimal Photometric Redshift Calibration Strategies for Cosmology Surveys}},
	Volume = 813,
	Year = 2015,
	Bdsk-Url-1 = {https://doi.org/10.1088/0004-637X/813/1/53}}

@ARTICLE{masters19,
       author = {{Masters}, Daniel C. and {Stern}, Daniel K. and {Cohen}, Judith G. and
         {Capak}, Peter L. and {Stanford}, S. Adam and {Hernitschek}, Nina and
         {Galametz}, Audrey and {Davidzon}, Iary and {Rhodes}, Jason D. and {Sand
        ers}, Dave and {Mobasher}, Bahram and {Castander}, Francisco and
         {Pruett}, Kerianne and {Fotopoulou}, Sotiria},
        title = "{The Complete Calibration of the Color-Redshift Relation (C3R2) Survey: Analysis and Data Release 2}",
      journal = {arXiv e-prints},
     keywords = {Astrophysics - Astrophysics of Galaxies, Astrophysics - Cosmology and Nongalactic Astrophysics},
         year = "2019",
        month = "Apr",
          eid = {arXiv:1904.06394},
        pages = {arXiv:1904.06394},
archivePrefix = {arXiv},
       eprint = {1904.06394},
 primaryClass = {astro-ph.GA},
       adsurl = {https://ui.adsabs.harvard.edu/abs/2019arXiv190406394M},
      adsnote = {Provided by the SAO/NASA Astrophysics Data System}
}

@INPROCEEDINGS{2004SPIE.5495..600M,
       author = {{McGrath}, Andrew and {Moore}, Anna},
        title = "{Starbug: enabling the smart focal plane}",
    booktitle = {Astronomical Structures and Mechanisms Technology},
         year = "2004",
       editor = {{Antebi}, Joseph and {Lemke}, Dietrich},
       series = {Society of Photo-Optical Instrumentation Engineers (SPIE) Conference Series},
       volume = {5495},
        month = "Sep",
        pages = {600-610},
          doi = {10.1117/12.550292},
       adsurl = {https://ui.adsabs.harvard.edu/abs/2004SPIE.5495..600M},
      adsnote = {Provided by the SAO/NASA Astrophysics Data System}
}

@ARTICLE{2015ApJ...808...16N,
       author = {{Ness}, M. and {Hogg}, David W. and {Rix}, H. -W. and {Ho}, Anna. Y.~Q. and
         {Zasowski}, G.},
        title = "{The Cannon: A data-driven approach to Stellar Label Determination}",
      journal = {\apj},
     keywords = {methods: data analysis, methods: statistical, stars: abundances, stars: fundamental parameters, surveys, techniques: spectroscopic, Astrophysics - Solar and Stellar Astrophysics, Astrophysics - Astrophysics of Galaxies, Astrophysics - Instrumentation and Methods for Astrophysics},
         year = "2015",
        month = "Jul",
       volume = {808},
          eid = {16},
        pages = {16},
          doi = {10.1088/0004-637X/808/1/16},
archivePrefix = {arXiv},
       eprint = {1501.07604},
 primaryClass = {astro-ph.SR},
      adsnote = {Provided by the SAO/NASA Astrophysics Data System}
}

@ARTICLE{2013ApJS..208....5N,
       author = {{Newman}, Jeffrey A. and {Cooper}, Michael C. and {Davis}, Marc and
         {Faber}, S.~M. and {Coil}, Alison L. and {Guhathakurta}, Puragra and
         {Koo}, David C. and {Phillips}, Andrew C. and {Conroy}, Charlie and
         {Dutton}, Aaron A. and {Finkbeiner}, Douglas P. and {Gerke}, Brian F. and
         {Rosario}, David J. and {Weiner}, Benjamin J. and {Willmer}, C.~N.~A. and
         {Yan}, Renbin and {Harker}, Justin J. and {Kassin}, Susan A. and
         {Konidaris}, N.~P. and {Lai}, Kamson and {Madgwick}, Darren S. and
         {Noeske}, K.~G. and {Wirth}, Gregory D. and {Connolly}, A.~J. and
         {Kaiser}, N. and {Kirby}, Evan N. and {Lemaux}, Brian C. and
         {Lin}, Lihwai and {Lotz}, Jennifer M. and {Luppino}, G.~A. and
         {Marinoni}, C. and {Matthews}, Daniel J. and {Metevier}, Anne and
         {Schiavon}, Ricardo P.},
        title = "{The DEEP2 Galaxy Redshift Survey: Design, Observations, Data Reduction, and Redshifts}",
      journal = {\apjs},
     keywords = {cosmology: observations, galaxies: distances and redshifts, galaxies: evolution, galaxies: fundamental parameters, galaxies: high-redshift, galaxies: statistics, large-scale structure of universe, methods: data analysis, surveys, Astrophysics - Cosmology and Nongalactic Astrophysics, Astrophysics - Astrophysics of Galaxies},
         year = "2013",
        month = "Sep",
       volume = {208},
       number = {1},
          eid = {5},
        pages = {5},
          doi = {10.1088/0067-0049/208/1/5},
archivePrefix = {arXiv},
       eprint = {1203.3192},
 primaryClass = {astro-ph.CO},
       adsurl = {https://ui.adsabs.harvard.edu/abs/2013ApJS..208....5N},
      adsnote = {Provided by the SAO/NASA Astrophysics Data System}
}



@article{newman15,
	Adsnote = {Provided by the SAO/NASA Astrophysics Data System},
	Archiveprefix = {arXiv},
	Author = {{Newman}, J.~A. and {Abate}, A. and {Abdalla}, F.~B. and {Allam}, S. and {Allen}, S.~W. and {Ansari}, R. and {Bailey}, S. and {Barkhouse}, W.~A. and {Beers}, T.~C. and {Blanton}, M.~R. and {Brodwin}, M. and {Brownstein}, J.~R. and {Brunner}, R.~J. and {Carrasco Kind}, M. and {Cervantes-Cota}, J.~L. and {Cheu}, E. and {Chisari}, N.~E. and {Colless}, M. and {Comparat}, J. and {Coupon}, J. and {Cunha}, C.~E. and {de la Macorra}, A. and {Dell'Antonio}, I.~P. and {Frye}, B.~L. and {Gawiser}, E.~J. and {Gehrels}, N. and {Grady}, K. and {Hagen}, A. and {Hall}, P.~B. and {Hearin}, A.~P. and {Hildebrandt}, H. and {Hirata}, C.~M. and {Ho}, S. and {Honscheid}, K. and {Huterer}, D. and {Ivezi{\'c}}, {\v Z}. and {Kneib}, J.-P. and {Kruk}, J.~W. and {Lahav}, O. and {Mandelbaum}, R. and {Marshall}, J.~L. and {Matthews}, D.~J. and {M{\'e}nard}, B. and {Miquel}, R. and {Moniez}, M. and {Moos}, H.~W. and {Moustakas}, J. and {Myers}, A.~D. and {Papovich}, C. and {Peacock}, J.~A. and {Park}, C. and {Rahman}, M. and {Rhodes}, J. and {Ricol}, J.-S. and {Sadeh}, I. and {Slozar}, A. and {Schmidt}, S.~J. and {Stern}, D.~K. and {Anthony Tyson}, J. and {von der Linden}, A. and {Wechsler}, R.~H. and {Wood-Vasey}, W.~M. and {Zentner}, A.~R.},
	Date-Added = {2018-03-08 04:59:25 +0000},
	Date-Modified = {2018-03-08 04:59:25 +0000},
	Doi = {10.1016/j.astropartphys.2014.06.007},
	Eprint = {1309.5384},
	Journal = {Astroparticle Physics},
	Keywords = {Cosmology, Dark energy, Surveys},
	Month = mar,
	Pages = {81-100},
	Title = {{Spectroscopic needs for imaging dark energy experiments}},
	Volume = 63,
	Year = 2015,
	Bdsk-Url-1 = {https://dx.doi.org/10.1016/j.astropartphys.2014.06.007}}

@article{newman13,
	Adsnote = {Provided by the SAO/NASA Astrophysics Data System},
	Archiveprefix = {arXiv},
	Author = {{Newman}, J.~A. and {Cooper}, M.~C. and {Davis}, M. and {Faber}, S.~M. and {Coil}, A.~L. and {Guhathakurta}, P. and {Koo}, D.~C. and {Phillips}, A.~C. and {Conroy}, C. and {Dutton}, A.~A. and {Finkbeiner}, D.~P. and {Gerke}, B.~F. and {Rosario}, D.~J. and {Weiner}, B.~J. and {Willmer}, C.~N.~A. and {Yan}, R. and {Harker}, J.~J. and {Kassin}, S.~A. and {Konidaris}, N.~P. and {Lai}, K. and {Madgwick}, D.~S. and {Noeske}, K.~G. and {Wirth}, G.~D. and {Connolly}, A.~J. and {Kaiser}, N. and {Kirby}, E.~N. and {Lemaux}, B.~C. and {Lin}, L. and {Lotz}, J.~M. and {Luppino}, G.~A. and {Marinoni}, C. and {Matthews}, D.~J. and {Metevier}, A. and {Schiavon}, R.~P.},
	Date-Added = {2015-10-25 11:30:48 +0000},
	Date-Modified = {2015-10-25 11:30:49 +0000},
	Doi = {10.1088/0067-0049/208/1/5},
	Eid = {5},
	Eprint = {1203.3192},
	Journal = {\apjs},
	Keywords = {cosmology: observations, galaxies: distances and redshifts, galaxies: evolution, galaxies: fundamental parameters, galaxies: high-redshift, galaxies: statistics, large-scale structure of universe, methods: data analysis, surveys},
	Month = sep,
	Pages = {5},
	Title = {{The DEEP2 Galaxy Redshift Survey: Design, Observations, Data Reduction, and Redshifts}},
	Volume = 208,
	Year = 2013,
	Bdsk-Url-1 = {http://dx.doi.org/10.1088/0067-0049/208/1/5}}

@article{parks18,
	Adsnote = {Provided by the SAO/NASA Astrophysics Data System},
	Archiveprefix = {arXiv},
	Author = {{Parks}, D. and {Prochaska}, J.~X. and {Dong}, S. and {Cai}, Z.},
	Date-Added = {2019-02-01 12:52:28 -0800},
	Date-Modified = {2019-02-01 12:52:29 -0800},
	Doi = {10.1093/mnras/sty196},
	Eprint = {1709.04962},
	Journal = {\mnras},
	Keywords = {techniques: spectroscopic, quasars: absorption lines},
	Month = may,
	Pages = {1151-1168},
	Title = {{Deep learning of quasar spectra to discover and characterize damped Ly{$\alpha$} systems}},
	Volume = 476,
	Year = 2018,
	Bdsk-Url-1 = {https://doi.org/10.1093/mnras/sty196}}


@ARTICLE{2019ApJ...871...11Q,
       author = {{Quirk}, Amanda and {Guhathakurta}, Puragra and {Chemin}, Laurent and
         {Dorman}, Claire E. and {Gilbert}, Karoline M. and {Seth}, Anil C. and
         {Williams}, Benjamin F. and {Dalcanton}, Julianne J.},
        title = "{Asymmetric Drift in the Andromeda Galaxy (M31) as a Function of Stellar Age}",
      journal = {\apj},
     keywords = {galaxies: individual: M31, galaxies: interactions, galaxies: kinematics and dynamics, Local Group, Astrophysics - Astrophysics of Galaxies},
         year = "2019",
        month = "Jan",
       volume = {871},
       number = {1},
          eid = {11},
        pages = {11},
          doi = {10.3847/1538-4357/aaf1ba},
archivePrefix = {arXiv},
       eprint = {1811.07037},
 primaryClass = {astro-ph.GA},
       adsurl = {https://ui.adsabs.harvard.edu/abs/2019ApJ...871...11Q},
      adsnote = {Provided by the SAO/NASA Astrophysics Data System}
}

@ARTICLE{2005MNRAS.356.1071R,
       author = {{Renda}, Agostino and {Kawata}, Daisuke and {Fenner}, Yeshe and
         {Gibson}, Brad K.},
        title = "{Contrasting the chemical evolution of the Milky Way and Andromeda}",
      journal = {\mnras},
     keywords = {galaxies: abundances, galaxies: evolution, galaxies: formation, galaxies: haloes, Astrophysics},
         year = "2005",
        month = "Jan",
       volume = {356},
        pages = {1071-1078},
          doi = {10.1111/j.1365-2966.2004.08530.x},
archivePrefix = {arXiv},
       eprint = {astro-ph/0410579},
 primaryClass = {astro-ph},
      adsnote = {Provided by the SAO/NASA Astrophysics Data System}
}

@ARTICLE{2017ApJ...836..234S,
       author = {{Sanderson}, Robyn E. and {Hartke}, Johanna and {Helmi}, Amina},
        title = "{Modeling the Gravitational Potential of a Cosmological Dark Matter Halo with Stellar Streams}",
      journal = {\apj},
     keywords = {dark matter, Galaxy: halo, Galaxy: kinematics and dynamics, Galaxy: structure, methods: numerical, Astrophysics - Astrophysics of Galaxies},
         year = "2017",
        month = "Feb",
       volume = {836},
          eid = {234},
        pages = {234},
          doi = {10.3847/1538-4357/aa5eb4},
archivePrefix = {arXiv},
       eprint = {1609.01653},
 primaryClass = {astro-ph.GA},
      adsnote = {Provided by the SAO/NASA Astrophysics Data System}
}

@ARTICLE{2018arXiv181005156S,
       author = {{Schmidt}, Tobias M. and {Hennawi}, Joseph F. and {Lee}, Khee-Gan and
         {Lukic}, Zarija and {Onorbe}, Jose and {White}, Martin},
        title = "{Mapping quasar light echoes in 3D with Lya forest tomography}",
      journal = {arXiv e-prints},
     keywords = {Astrophysics - Astrophysics of Galaxies, Astrophysics - Cosmology and Nongalactic Astrophysics},
         year = "2018",
        month = "Oct",
          eid = {arXiv:1810.05156},
        pages = {arXiv:1810.05156},
archivePrefix = {arXiv},
       eprint = {1810.05156},
 primaryClass = {astro-ph.GA},
       adsurl = {https://ui.adsabs.harvard.edu/abs/2018arXiv181005156S},
      adsnote = {Provided by the SAO/NASA Astrophysics Data System}
}

@INPROCEEDINGS{2016SPIE.9912E..1WS,
       author = {{Staszak}, Nicholas F. and {Lawrence}, Jon and {Brown}, David M. and
         {Brown}, Rebecca and {Zhelem}, Ross and {Goodwin}, Michael and
         {Kuehn}, Kyler and {Lorente}, Nuria P.~F. and {Nichani}, Vijay and
         {Waller}, Lew and {Case}, Scott and {Content}, Robert and
         {Hopkins}, Andrew M. and {Klauser}, Urs and {Pai}, Naveen and
         {Mueller}, Rolf and {Mali}, Slavko and {Vuong}, Minh V.},
        title = "{TAIPAN instrument fibre positioner and Starbug robots: engineering overview}",
    booktitle = {Advances in Optical and Mechanical Technologies for Telescopes and Instrumentation II},
         year = "2016",
       series = {Society of Photo-Optical Instrumentation Engineers (SPIE) Conference Series},
       volume = {9912},
        month = "Jul",
          eid = {99121W},
        pages = {99121W},
          doi = {10.1117/12.2233583},
       adsurl = {https://ui.adsabs.harvard.edu/abs/2016SPIE.9912E..1WS},
      adsnote = {Provided by the SAO/NASA Astrophysics Data System}
}

@ARTICLE{2018arXiv180401530T,
       author = {{Ting}, Yuan-Sen and {Conroy}, Charlie and {Rix}, Hans-Walter and
         {Cargile}, Phillip},
        title = "{The Payne: self-consistent ab initio fitting of stellar spectra}",
      journal = {arXiv e-prints},
     keywords = {Astrophysics - Solar and Stellar Astrophysics, Astrophysics - Astrophysics of Galaxies},
         year = "2018",
        month = "Apr",
          eid = {arXiv:1804.01530},
        pages = {arXiv:1804.01530},
archivePrefix = {arXiv},
       eprint = {1804.01530},
 primaryClass = {astro-ph.SR},
      adsnote = {Provided by the SAO/NASA Astrophysics Data System}
}

@ARTICLE{2018arXiv180803278T,
       author = {{Ting}, Yuan-Sen and {Rix}, Hans-Walter},
        title = "{The vertical motion history of disk stars throughout the Galaxy}",
      journal = {arXiv e-prints},
     keywords = {Astrophysics - Astrophysics of Galaxies},
         year = "2018",
        month = "Aug",
          eid = {arXiv:1808.03278},
        pages = {arXiv:1808.03278},
archivePrefix = {arXiv},
       eprint = {1808.03278},
 primaryClass = {astro-ph.GA},
      adsnote = {Provided by the SAO/NASA Astrophysics Data System}
}

@inproceedings{staszak16,
	Adsnote = {Provided by the SAO/NASA Astrophysics Data System},
	Author = {{Staszak}, N.~F. and {Lawrence}, J. and {Brown}, D.~M. and {Brown}, R. and {Zhelem}, R. and {Goodwin}, M. and {Kuehn}, K. and {Lorente}, N.~P.~F. and {Nichani}, V. and {Waller}, L. and {Case}, S. and {Content}, R. and {Hopkins}, A.~M. and {Klauser}, U. and {Pai}, N. and {Mueller}, R. and {Mali}, S. and {Vuong}, M.~V.},
	Booktitle = {Advances in Optical and Mechanical Technologies for Telescopes and Instrumentation II},
	Date-Added = {2019-02-12 16:12:38 -0800},
	Date-Modified = {2019-02-12 16:12:38 -0800},
	Doi = {10.1117/12.2233583},
	Eid = {99121W},
	Month = jul,
	Pages = {99121W},
	Series = {\procspie},
	Title = {{TAIPAN instrument fibre positioner and Starbug robots: engineering overview}},
	Volume = 9912,
	Year = 2016,
	Bdsk-Url-1 = {https://doi.org/10.1117/12.2233583}}

@ARTICLE{2000AJ....120.1579Y,
   author = {{York}, D.~G. and {Adelman}, J. and {Anderson}, Jr., J.~E. and 
	{Anderson}, S.~F. and {Annis}, J. and {Bahcall}, N.~A. and {Bakken}, J.~A. and 
	{Barkhouser}, R. and {Bastian}, S. and {Berman}, E. and {Boroski}, W.~N. and 
	{Bracker}, S. and {Briegel}, C. and {Briggs}, J.~W. and {Brinkmann}, J. and 
	{Brunner}, R. and {Burles}, S. and {Carey}, L. and {Carr}, M.~A. and 
	{Castander}, F.~J. and {Chen}, B. and {Colestock}, P.~L. and 
	{Connolly}, A.~J. and {Crocker}, J.~H. and {Csabai}, I. and 
	{Czarapata}, P.~C. and {Davis}, J.~E. and {Doi}, M. and {Dombeck}, T. and 
	{Eisenstein}, D. and {Ellman}, N. and {Elms}, B.~R. and {Evans}, M.~L. and 
	{Fan}, X. and {Federwitz}, G.~R. and {Fiscelli}, L. and {Friedman}, S. and 
	{Frieman}, J.~A. and {Fukugita}, M. and {Gillespie}, B. and 
	{Gunn}, J.~E. and {Gurbani}, V.~K. and {de Haas}, E. and {Haldeman}, M. and 
	{Harris}, F.~H. and {Hayes}, J. and {Heckman}, T.~M. and {Hennessy}, G.~S. and 
	{Hindsley}, R.~B. and {Holm}, S. and {Holmgren}, D.~J. and {Huang}, C.-h. and 
	{Hull}, C. and {Husby}, D. and {Ichikawa}, S.-I. and {Ichikawa}, T. and 
	{Ivezi{\'c}}, {\v Z}. and {Kent}, S. and {Kim}, R.~S.~J. and 
	{Kinney}, E. and {Klaene}, M. and {Kleinman}, A.~N. and {Kleinman}, S. and 
	{Knapp}, G.~R. and {Korienek}, J. and {Kron}, R.~G. and {Kunszt}, P.~Z. and 
	{Lamb}, D.~Q. and {Lee}, B. and {Leger}, R.~F. and {Limmongkol}, S. and 
	{Lindenmeyer}, C. and {Long}, D.~C. and {Loomis}, C. and {Loveday}, J. and 
	{Lucinio}, R. and {Lupton}, R.~H. and {MacKinnon}, B. and {Mannery}, E.~J. and 
	{Mantsch}, P.~M. and {Margon}, B. and {McGehee}, P. and {McKay}, T.~A. and 
	{Meiksin}, A. and {Merelli}, A. and {Monet}, D.~G. and {Munn}, J.~A. and 
	{Narayanan}, V.~K. and {Nash}, T. and {Neilsen}, E. and {Neswold}, R. and 
	{Newberg}, H.~J. and {Nichol}, R.~C. and {Nicinski}, T. and 
	{Nonino}, M. and {Okada}, N. and {Okamura}, S. and {Ostriker}, J.~P. and 
	{Owen}, R. and {Pauls}, A.~G. and {Peoples}, J. and {Peterson}, R.~L. and 
	{Petravick}, D. and {Pier}, J.~R. and {Pope}, A. and {Pordes}, R. and 
	{Prosapio}, A. and {Rechenmacher}, R. and {Quinn}, T.~R. and 
	{Richards}, G.~T. and {Richmond}, M.~W. and {Rivetta}, C.~H. and 
	{Rockosi}, C.~M. and {Ruthmansdorfer}, K. and {Sandford}, D. and 
	{Schlegel}, D.~J. and {Schneider}, D.~P. and {Sekiguchi}, M. and 
	{Sergey}, G. and {Shimasaku}, K. and {Siegmund}, W.~A. and {Smee}, S. and 
	{Smith}, J.~A. and {Snedden}, S. and {Stone}, R. and {Stoughton}, C. and 
	{Strauss}, M.~A. and {Stubbs}, C. and {SubbaRao}, M. and {Szalay}, A.~S. and 
	{Szapudi}, I. and {Szokoly}, G.~P. and {Thakar}, A.~R. and {Tremonti}, C. and 
	{Tucker}, D.~L. and {Uomoto}, A. and {Vanden Berk}, D. and {Vogeley}, M.~S. and 
	{Waddell}, P. and {Wang}, S.-i. and {Watanabe}, M. and {Weinberg}, D.~H. and 
	{Yanny}, B. and {Yasuda}, N. and {SDSS Collaboration}},
    title = "{The Sloan Digital Sky Survey: Technical Summary}",
  journal = {\aj},
   eprint = {astro-ph/0006396},
 keywords = {Cosmology: Observations, Instrumentation: Miscellaneous},
     year = 2000,
    month = sep,
   volume = 120,
    pages = {1579-1587},
      doi = {10.1086/301513},
   adsurl = {https://ui.adsabs.harvard.edu/abs/2000AJ....120.1579Y},
  adsnote = {Provided by the SAO/NASA Astrophysics Data System}
}

