\bibitem[Bershady et al.(2005)]{2005ApJS..156..311B} Bershady, M.~A.,
Andersen, D.~R., Verheijen, M.~A.~W., et al.\ 2005, \apjs, 156, 311 
@ARTICLE{2005ApJS..156..311B,
   author = {{Bershady}, M.~A. and {Andersen}, D.~R. and {Verheijen}, M.~A.~W. and 
	{Westfall}, K.~B. and {Crawford}, S.~M. and {Swaters}, R.~A.
	},
    title = "{SparsePak: A Formatted Fiber Field Unit for The WIYN Telescope Bench Spectrograph. II. On-Sky Performance}",
  journal = {\apjs},
   eprint = {astro-ph/0410404},
 keywords = {Instrumentation: Spectrographs},
     year = 2005,
    month = feb,
   volume = 156,
    pages = {311-344},
      doi = {10.1086/426479},
   adsurl = {http://adsabs.harvard.edu/abs/2005ApJS..156..311B},
  adsnote = {Provided by the SAO/NASA Astrophysics Data System}
}

\bibitem[Bolton \& Schlegel(2010)]{2010PASP..122..248B} Bolton, A.~S.,
\& Schlegel, D.~J.\ 2010, \pasp, 122, 248 
@ARTICLE{2010PASP..122..248B,
   author = {{Bolton}, A.~S. and {Schlegel}, D.~J.},
    title = "{Spectro-Perfectionism: An Algorithmic Framework for Photon Noise-Limited Extraction of Optical Fiber Spectroscopy}",
  journal = {\pasp},
archivePrefix = "arXiv",
   eprint = {0911.2689},
 primaryClass = "astro-ph.IM",
     year = 2010,
    month = feb,
   volume = 122,
    pages = {248},
      doi = {10.1086/651008},
   adsurl = {http://adsabs.harvard.edu/abs/2010PASP..122..248B},
  adsnote = {Provided by the SAO/NASA Astrophysics Data System}
}

\bibitem[Bundy et al.(2015)]{2015ApJ...798....7B} Bundy, K., Bershady,
M.~A., Law, D.~R., et al.\ 2015, \apj, 798, 7 
@ARTICLE{2015ApJ...798....7B,
   author = {{Bundy}, K. and {Bershady}, M.~A. and {Law}, D.~R. and {Yan}, R. and 
	{Drory}, N. and {MacDonald}, N. and {Wake}, D.~A. and {Cherinka}, B. and 
	{S{\'a}nchez-Gallego}, J.~R. and {Weijmans}, A.-M. and {Thomas}, D. and 
	{Tremonti}, C. and {Masters}, K. and {Coccato}, L. and {Diamond-Stanic}, A.~M. and 
	{Arag{\'o}n-Salamanca}, A. and {Avila-Reese}, V. and {Badenes}, C. and 
	{Falc{\'o}n-Barroso}, J. and {Belfiore}, F. and {Bizyaev}, D. and 
	{Blanc}, G.~A. and {Bland-Hawthorn}, J. and {Blanton}, M.~R. and 
	{Brownstein}, J.~R. and {Byler}, N. and {Cappellari}, M. and 
	{Conroy}, C. and {Dutton}, A.~A. and {Emsellem}, E. and {Etherington}, J. and 
	{Frinchaboy}, P.~M. and {Fu}, H. and {Gunn}, J.~E. and {Harding}, P. and 
	{Johnston}, E.~J. and {Kauffmann}, G. and {Kinemuchi}, K. and 
	{Klaene}, M.~A. and {Knapen}, J.~H. and {Leauthaud}, A. and 
	{Li}, C. and {Lin}, L. and {Maiolino}, R. and {Malanushenko}, V. and 
	{Malanushenko}, E. and {Mao}, S. and {Maraston}, C. and {McDermid}, R.~M. and 
	{Merrifield}, M.~R. and {Nichol}, R.~C. and {Oravetz}, D. and 
	{Pan}, K. and {Parejko}, J.~K. and {Sanchez}, S.~F. and {Schlegel}, D. and 
	{Simmons}, A. and {Steele}, O. and {Steinmetz}, M. and {Thanjavur}, K. and 
	{Thompson}, B.~A. and {Tinker}, J.~L. and {van den Bosch}, R.~C.~E. and 
	{Westfall}, K.~B. and {Wilkinson}, D. and {Wright}, S. and {Xiao}, T. and 
	{Zhang}, K.},
    title = "{Overview of the SDSS-IV MaNGA Survey: Mapping nearby Galaxies at Apache Point Observatory}",
  journal = {\apj},
archivePrefix = "arXiv",
   eprint = {1412.1482},
 keywords = {galaxies: evolution, galaxies: general, surveys, techniques: imaging spectroscopy },
     year = 2015,
    month = jan,
   volume = 798,
      eid = {7},
    pages = {7},
      doi = {10.1088/0004-637X/798/1/7},
   adsurl = {http://adsabs.harvard.edu/abs/2015ApJ...798....7B},
  adsnote = {Provided by the SAO/NASA Astrophysics Data System}
}

@ARTICLE{skysub,
   author = {{Bundy}, K. et al., {\it in prep}},
     year = 2018
}


\bibitem[DESI Collaboration et al.(2016)]{2016arXiv161100036D} DESI
Collaboration, Aghamousa, A., Aguilar, J., et al.\ 2016,
arXiv:1611.00036 
@ARTICLE{2016arXiv161100036D,
   author = {{DESI Collaboration} and {Aghamousa}, A. and {Aguilar}, J. and 
	{Ahlen}, S. and {Alam}, S. and {Allen}, L.~E. and {Allende Prieto}, C. and 
	{Annis}, J. and {Bailey}, S. and {Balland}, C. and et al.},
    title = "{The DESI Experiment Part I: Science,Targeting, and Survey Design}",
  journal = {ArXiv e-prints},
archivePrefix = "arXiv",
   eprint = {1611.00036},
 primaryClass = "astro-ph.IM",
 keywords = {Astrophysics - Instrumentation and Methods for Astrophysics, Astrophysics - Cosmology and Nongalactic Astrophysics},
     year = 2016,
    month = oct,
   adsurl = {http://adsabs.harvard.edu/abs/2016arXiv161100036D},
  adsnote = {Provided by the SAO/NASA Astrophysics Data System}
}

\bibitem[DESI Collaboration et al.(2016)]{2016arXiv161100037D} DESI
Collaboration, Aghamousa, A., Aguilar, J., et al.\ 2016,
arXiv:1611.00037 
@ARTICLE{2016arXiv161100037D,
   author = {{DESI Collaboration} and {Aghamousa}, A. and {Aguilar}, J. and 
	{Ahlen}, S. and {Alam}, S. and {Allen}, L.~E. and {Allende Prieto}, C. and 
	{Annis}, J. and {Bailey}, S. and {Balland}, C. and et al.},
    title = "{The DESI Experiment Part II: Instrument Design}",
  journal = {ArXiv e-prints},
archivePrefix = "arXiv",
   eprint = {1611.00037},
 primaryClass = "astro-ph.IM",
 keywords = {Astrophysics - Instrumentation and Methods for Astrophysics, Astrophysics - Cosmology and Nongalactic Astrophysics},
     year = 2016,
    month = oct,
   adsurl = {http://adsabs.harvard.edu/abs/2016arXiv161100037D},
  adsnote = {Provided by the SAO/NASA Astrophysics Data System}
}

\bibitem[Drory et al.(2015)]{2015AJ....149...77D} Drory, N., MacDonald,
N., Bershady, M.~A., et al.\ 2015, \aj, 149, 77 
@ARTICLE{2015AJ....149...77D,
   author = {{Drory}, N. and {MacDonald}, N. and {Bershady}, M.~A. and {Bundy}, K. and 
	{Gunn}, J. and {Law}, D.~R. and {Smith}, M. and {Stoll}, R. and 
	{Tremonti}, C.~A. and {Wake}, D.~A. and {Yan}, R. and {Weijmans}, A.~M. and 
	{Byler}, N. and {Cherinka}, B. and {Cope}, F. and {Eigenbrot}, A. and 
	{Harding}, P. and {Holder}, D. and {Huehnerhoff}, J. and {Jaehnig}, K. and 
	{Jansen}, T.~C. and {Klaene}, M. and {Paat}, A.~M. and {Percival}, J. and 
	{Sayres}, C.},
    title = "{The MaNGA Integral Field Unit Fiber Feed System for the Sloan 2.5 m Telescope}",
  journal = {\aj},
archivePrefix = "arXiv",
   eprint = {1412.1535},
 primaryClass = "astro-ph.IM",
 keywords = {galaxies: general, instrumentation: spectrographs, surveys, techniques: imaging spectroscopy},
     year = 2015,
    month = feb,
   volume = 149,
      eid = {77},
    pages = {77},
      doi = {10.1088/0004-6256/149/2/77},
   adsurl = {http://adsabs.harvard.edu/abs/2015AJ....149...77D},
  adsnote = {Provided by the SAO/NASA Astrophysics Data System}
}

\bibitem[Gilbert et al.(2012)]{2012SPIE.8450E..1AG} Gilbert, J.,
Goodwin, M., Heijmans, J., et al.\ 2012, \procspie, 8450, 84501A 
@INPROCEEDINGS{2012SPIE.8450E..1AG,
   author = {{Gilbert}, J. and {Goodwin}, M. and {Heijmans}, J. and {Muller}, R. and 
	{Miziarski}, S. and {Brzeski}, J. and {Waller}, L. and {Saunders}, W. and 
	{Bennet}, A. and {Tims}, J.},
    title = "{Starbugs: all-singing, all-dancing fibre positioning robots}",
booktitle = {Modern Technologies in Space- and Ground-based Telescopes and Instrumentation II},
     year = 2012,
   series = {\procspie},
   volume = 8450,
archivePrefix = "arXiv",
   eprint = {1311.7371},
 primaryClass = "astro-ph.IM",
    month = sep,
      eid = {84501A},
    pages = {84501A},
      doi = {10.1117/12.924502},
   adsurl = {http://adsabs.harvard.edu/abs/2012SPIE.8450E..1AG},
  adsnote = {Provided by the SAO/NASA Astrophysics Data System}
}

\bibitem[Glazebrook \& Bland-Hawthorn(2001)]{2001PASP..113..197G}
Glazebrook, K., \& Bland-Hawthorn, J.\ 2001, \pasp, 113, 197 
@ARTICLE{2001PASP..113..197G,
   author = {{Glazebrook}, K. and {Bland-Hawthorn}, J.},
    title = "{Microslit Nod-Shuffle Spectroscopy: A Technique for Achieving Very High Densities of Spectra}",
  journal = {\pasp},
   eprint = {astro-ph/0011104},
 keywords = {Instrumentation: Detectors, Instrumentation: Spectrographs, Techniques: Spectroscopic},
     year = 2001,
    month = feb,
   volume = 113,
    pages = {197-214},
      doi = {10.1086/318625},
   adsurl = {http://adsabs.harvard.edu/abs/2001PASP..113..197G},
  adsnote = {Provided by the SAO/NASA Astrophysics Data System}
}

\bibitem[Gu et al.(2018)]{2018ApJ...859...37G} Gu, M., Conroy, C., Law,
D., et al.\ 2018, \apj, 859, 37 
@ARTICLE{2018ApJ...859...37G,
   author = {{Gu}, M. and {Conroy}, C. and {Law}, D. and {van Dokkum}, P. and 
	{Yan}, R. and {Wake}, D. and {Bundy}, K. and {Merritt}, A. and 
	{Abraham}, R. and {Zhang}, J. and {Bershady}, M. and {Bizyaev}, D. and 
	{Brinkmann}, J. and {Drory}, N. and {Grabowski}, K. and {Masters}, K. and 
	{Pan}, K. and {Parejko}, J. and {Weijmans}, A.-M. and {Zhang}, K.
	},
    title = "{Low Metallicities and Old Ages for Three Ultra-diffuse Galaxies in the Coma Cluster}",
  journal = {\apj},
archivePrefix = "arXiv",
   eprint = {1709.07003},
 keywords = {galaxies: clusters: individual: Coma, galaxies: evolution, galaxies: stellar content },
     year = 2018,
    month = may,
   volume = 859,
      eid = {37},
    pages = {37},
      doi = {10.3847/1538-4357/aabbae},
   adsurl = {http://adsabs.harvard.edu/abs/2018ApJ...859...37G},
  adsnote = {Provided by the SAO/NASA Astrophysics Data System}
}

\bibitem[Gunn et al.(2006)]{2006AJ....131.2332G} Gunn, J.~E., Siegmund,
W.~A., Mannery, E.~J., et al.\ 2006, \aj, 131, 2332 
@ARTICLE{2006AJ....131.2332G,
   author = {{Gunn}, J.~E. and {Siegmund}, W.~A. and {Mannery}, E.~J. and 
	{Owen}, R.~E. and {Hull}, C.~L. and {Leger}, R.~F. and {Carey}, L.~N. and 
	{Knapp}, G.~R. and {York}, D.~G. and {Boroski}, W.~N. and {Kent}, S.~M. and 
	{Lupton}, R.~H. and {Rockosi}, C.~M. and {Evans}, M.~L. and 
	{Waddell}, P. and {Anderson}, J.~E. and {Annis}, J. and {Barentine}, J.~C. and 
	{Bartoszek}, L.~M. and {Bastian}, S. and {Bracker}, S.~B. and 
	{Brewington}, H.~J. and {Briegel}, C.~I. and {Brinkmann}, J. and 
	{Brown}, Y.~J. and {Carr}, M.~A. and {Czarapata}, P.~C. and 
	{Drennan}, C.~C. and {Dombeck}, T. and {Federwitz}, G.~R. and 
	{Gillespie}, B.~A. and {Gonzales}, C. and {Hansen}, S.~U. and 
	{Harvanek}, M. and {Hayes}, J. and {Jordan}, W. and {Kinney}, E. and 
	{Klaene}, M. and {Kleinman}, S.~J. and {Kron}, R.~G. and {Kresinski}, J. and 
	{Lee}, G. and {Limmongkol}, S. and {Lindenmeyer}, C.~W. and 
	{Long}, D.~C. and {Loomis}, C.~L. and {McGehee}, P.~M. and {Mantsch}, P.~M. and 
	{Neilsen}, Jr., E.~H. and {Neswold}, R.~M. and {Newman}, P.~R. and 
	{Nitta}, A. and {Peoples}, Jr., J. and {Pier}, J.~R. and {Prieto}, P.~S. and 
	{Prosapio}, A. and {Rivetta}, C. and {Schneider}, D.~P. and 
	{Snedden}, S. and {Wang}, S.-i.},
    title = "{The 2.5 m Telescope of the Sloan Digital Sky Survey}",
  journal = {\aj},
   eprint = {astro-ph/0602326},
 keywords = {Surveys, Telescopes},
     year = 2006,
    month = apr,
   volume = 131,
    pages = {2332-2359},
      doi = {10.1086/500975},
   adsurl = {http://adsabs.harvard.edu/abs/2006AJ....131.2332G},
  adsnote = {Provided by the SAO/NASA Astrophysics Data System}
}

\bibitem[Kos et al.(2018)]{2018arXiv180405851K} Kos, J., Bland-Hawthorn,
J., Betters, C.~H., et al.\ 2018, arXiv:1804.05851 
@ARTICLE{2018arXiv180405851K,
   author = {{Kos}, J. and {Bland-Hawthorn}, J. and {Betters}, C.~H. and 
	{Leon-Saval}, S. and {Asplund}, M. and {Buder}, S. and {Casey}, A.~R. and 
	{D'Orazi}, V. and {de Silva}, G. and {Freeman}, K. and {Lewis}, G. and 
	{Lin}, J. and {Martell}, S.~L. and {Schlesinger}, K. and {Sharma}, S. and 
	{Simpson}, J.~D. and {Zucker}, D. and {Zwitter}, T. and {Hayden}, M. and 
	{Nataf}, D.~M. and {Ting}, Y.-S.},
    title = "{Holistic spectroscopy: Complete reconstruction of a wide-field, multi-object spectroscopic image using a photonic comb}",
  journal = {ArXiv e-prints},
archivePrefix = "arXiv",
   eprint = {1804.05851},
 primaryClass = "astro-ph.IM",
 keywords = {Astrophysics - Instrumentation and Methods for Astrophysics, Astrophysics - Solar and Stellar Astrophysics},
     year = 2018,
    month = apr,
   adsurl = {http://adsabs.harvard.edu/abs/2018arXiv180405851K},
  adsnote = {Provided by the SAO/NASA Astrophysics Data System}
}

\bibitem[Law et al.(2016)]{2016AJ....152...83L} Law, D.~R., Cherinka,
B., Yan, R., et al.\ 2016, \aj, 152, 83 
@ARTICLE{2016AJ....152...83L,
   author = {{Law}, D.~R. and {Cherinka}, B. and {Yan}, R. and {Andrews}, B.~H. and 
	{Bershady}, M.~A. and {Bizyaev}, D. and {Blanc}, G.~A. and {Blanton}, M.~R. and 
	{Bolton}, A.~S. and {Brownstein}, J.~R. and {Bundy}, K. and 
	{Chen}, Y. and {Drory}, N. and {D'Souza}, R. and {Fu}, H. and 
	{Jones}, A. and {Kauffmann}, G. and {MacDonald}, N. and {Masters}, K.~L. and 
	{Newman}, J.~A. and {Parejko}, J.~K. and {S{\'a}nchez-Gallego}, J.~R. and 
	{S{\'a}nchez}, S.~F. and {Schlegel}, D.~J. and {Thomas}, D. and 
	{Wake}, D.~A. and {Weijmans}, A.-M. and {Westfall}, K.~B. and 
	{Zhang}, K.},
    title = "{The Data Reduction Pipeline for the SDSS-IV MaNGA IFU Galaxy Survey}",
  journal = {\aj},
archivePrefix = "arXiv",
   eprint = {1607.08619},
 primaryClass = "astro-ph.IM",
 keywords = {methods: data analysis, surveys, techniques: imaging spectroscopy},
     year = 2016,
    month = oct,
   volume = 152,
      eid = {83},
    pages = {83},
      doi = {10.3847/0004-6256/152/4/83},
   adsurl = {http://adsabs.harvard.edu/abs/2016AJ....152...83L},
  adsnote = {Provided by the SAO/NASA Astrophysics Data System}
}

@article{1748-0221-12-05-C05014,
  author={C. Leitz and S. Rabe and I. Prigozhin and B. Burke and M. Zhu and K. Ryu and M. Cooper and R. Reich and K. Johnson and W.L. Hu and B.
Felton and M. Cook and C. Stull and V. Suntharalingam},
  title={Germanium CCDs for large-format SWIR and X-ray imaging},
  journal={Journal of Instrumentation},
  volume={12},
  number={05},
  pages={C05014},
  url={http://stacks.iop.org/1748-0221/12/i=05/a=C05014},
  year={2017},
  abstract={Germanium exhibits high sensitivity to short-wave infrared (SWIR) and X-ray radiation, making it an interesting candidate for imaging applications in these bands. Recent advances in germanium processing allow for high-quality charge-coupled devices (CCDs) to be realized in this material. In this article, we discuss our evaluation of germanium as an absorber material for CCDs via fabrication and analysis of discrete devices such as diodes, metal-insulator-semiconductor capacitors, and buried-channel metal-oxide-semiconductor field-effect transistors (MOSFETs). We then describe fabrication of our first imaging device on germanium, a 32 × 1 × 8.1 μm linear shift register. Based on this work, we find that germanium is a promising material for CCDs imaging in the SWIR and X-ray bands.}
}

\bibitem[Petersburg et al.(2018)]{2018ApJ...853..181P} Petersburg,
R.~R., McCracken, T.~M., Eggerman, D., et al.\ 2018, \apj, 853, 181 
@ARTICLE{2018ApJ...853..181P,
   author = {{Petersburg}, R.~R. and {McCracken}, T.~M. and {Eggerman}, D. and 
	{Jurgenson}, C.~A. and {Sawyer}, D. and {Szymkowiak}, A.~E. and 
	{Fischer}, D.~A.},
    title = "{Modal Noise Mitigation through Fiber Agitation for Fiber-fed Radial Velocity Spectrographs}",
  journal = {\apj},
archivePrefix = "arXiv",
   eprint = {1802.01642},
 primaryClass = "astro-ph.IM",
 keywords = {instrumentation: spectrographs, techniques: radial velocities },
     year = 2018,
    month = feb,
   volume = 853,
      eid = {181},
    pages = {181},
      doi = {10.3847/1538-4357/aaa487},
   adsurl = {http://adsabs.harvard.edu/abs/2018ApJ...853..181P},
  adsnote = {Provided by the SAO/NASA Astrophysics Data System}
}

\bibitem[Sharp \& Parkinson(2010)]{2010MNRAS.408.2495S} Sharp, R., \&
Parkinson, H.\ 2010, \mnras, 408, 2495 
@ARTICLE{2010MNRAS.408.2495S,
   author = {{Sharp}, R. and {Parkinson}, H.},
    title = "{Sky subtraction at the Poisson limit with fibre-optic multiobject spectroscopy}",
  journal = {\mnras},
archivePrefix = "arXiv",
   eprint = {1007.0648},
 primaryClass = "astro-ph.IM",
 keywords = {instrumentation: spectrographs, methods: data analysis, methods: observational, techniques: image processing},
     year = 2010,
    month = nov,
   volume = 408,
    pages = {2495-2510},
      doi = {10.1111/j.1365-2966.2010.17298.x},
   adsurl = {http://adsabs.harvard.edu/abs/2010MNRAS.408.2495S},
  adsnote = {Provided by the SAO/NASA Astrophysics Data System}
}

\bibitem[Smee et al.(2013)]{2013AJ....146...32S} Smee, S.~A., Gunn,
J.~E., Uomoto, A., et al.\ 2013, \aj, 146, 32 
@ARTICLE{2013AJ....146...32S,
   author = {{Smee}, S.~A. and {Gunn}, J.~E. and {Uomoto}, A. and {Roe}, N. and 
	{Schlegel}, D. and {Rockosi}, C.~M. and {Carr}, M.~A. and {Leger}, F. and 
	{Dawson}, K.~S. and {Olmstead}, M.~D. and {Brinkmann}, J. and 
	{Owen}, R. and {Barkhouser}, R.~H. and {Honscheid}, K. and {Harding}, P. and 
	{Long}, D. and {Lupton}, R.~H. and {Loomis}, C. and {Anderson}, L. and 
	{Annis}, J. and {Bernardi}, M. and {Bhardwaj}, V. and {Bizyaev}, D. and 
	{Bolton}, A.~S. and {Brewington}, H. and {Briggs}, J.~W. and 
	{Burles}, S. and {Burns}, J.~G. and {Castander}, F.~J. and {Connolly}, A. and 
	{Davenport}, J.~R.~A. and {Ebelke}, G. and {Epps}, H. and {Feldman}, P.~D. and 
	{Friedman}, S.~D. and {Frieman}, J. and {Heckman}, T. and {Hull}, C.~L. and 
	{Knapp}, G.~R. and {Lawrence}, D.~M. and {Loveday}, J. and {Mannery}, E.~J. and 
	{Malanushenko}, E. and {Malanushenko}, V. and {Merrelli}, A.~J. and 
	{Muna}, D. and {Newman}, P.~R. and {Nichol}, R.~C. and {Oravetz}, D. and 
	{Pan}, K. and {Pope}, A.~C. and {Ricketts}, P.~G. and {Shelden}, A. and 
	{Sandford}, D. and {Siegmund}, W. and {Simmons}, A. and {Smith}, D.~S. and 
	{Snedden}, S. and {Schneider}, D.~P. and {SubbaRao}, M. and 
	{Tremonti}, C. and {Waddell}, P. and {York}, D.~G.},
    title = "{The Multi-object, Fiber-fed Spectrographs for the Sloan Digital Sky Survey and the Baryon Oscillation Spectroscopic Survey}",
  journal = {\aj},
archivePrefix = "arXiv",
   eprint = {1208.2233},
 primaryClass = "astro-ph.IM",
 keywords = {cosmology: observations, instrumentation: spectrographs, surveys },
     year = 2013,
    month = aug,
   volume = 146,
      eid = {32},
    pages = {32},
      doi = {10.1088/0004-6256/146/2/32},
   adsurl = {http://adsabs.harvard.edu/abs/2013AJ....146...32S},
  adsnote = {Provided by the SAO/NASA Astrophysics Data System}
}

\bibitem[Smee et al.(2014)]{2014SPIE.9147E..2VS} Smee, S.~A., Gunn,
J.~E., Golebiowski, M., et al.\ 2014, \procspie, 9147, 91472V 
@INPROCEEDINGS{2014SPIE.9147E..2VS,
   author = {{Smee}, S.~A. and {Gunn}, J.~E. and {Golebiowski}, M. and {Barkhouser}, R. and 
	{Viv{\`e}s}, S. and {Pascal}, S. and {Carr}, M. and {Hope}, S.~C. and 
	{Loomis}, C. and {Hart}, M. and {Sugai}, H. and {Tamura}, N. and 
	{Shimono}, A.},
    title = "{The near infrared camera for the Subaru Prime Focus Spectrograph}",
booktitle = {Ground-based and Airborne Instrumentation for Astronomy V},
     year = 2014,
   series = {\procspie},
   volume = 9147,
archivePrefix = "arXiv",
   eprint = {1408.3284},
 primaryClass = "astro-ph.IM",
    month = aug,
      eid = {91472V},
    pages = {91472V},
      doi = {10.1117/12.2057136},
   adsurl = {http://adsabs.harvard.edu/abs/2014SPIE.9147E..2VS},
  adsnote = {Provided by the SAO/NASA Astrophysics Data System}
}

\bibitem[Yang et al.(2013)]{2013Msngr.151...10Y} Yang, Y., Rodrigues,
M., Puech, M., et al.\ 2013, The Messenger, 151, 10 
@ARTICLE{2013Msngr.151...10Y,
   author = {{Yang}, Y. and {Rodrigues}, M. and {Puech}, M. and {Flores}, H. and 
	{Royer}, F. and {Disseau}, K. and {Gon{\c c}alves}, T. and {Hammer}, F. and 
	{Cirasuolo}, M. and {Evans}, C. and {Li Causi}, G. and {Maiolino}, R. and 
	{Melo}, C.},
    title = "{Accurate Sky Continuum Subtraction with Fibre-fed Spectrographs}",
  journal = {The Messenger},
archivePrefix = "arXiv",
   eprint = {1302.3620},
 primaryClass = "astro-ph.IM",
     year = 2013,
    month = mar,
   volume = 151,
    pages = {10-13},
   adsurl = {http://adsabs.harvard.edu/abs/2013Msngr.151...10Y},
  adsnote = {Provided by the SAO/NASA Astrophysics Data System}
}

\bibitem[Yuan et al.(2015)]{2015MNRAS.452.3047Y} Yuan, F., Lidman, C.,
Davis, T.~M., et al.\ 2015, \mnras, 452, 3047 
@ARTICLE{2015MNRAS.452.3047Y,
   author = {{Yuan}, F. and {Lidman}, C. and {Davis}, T.~M. and {Childress}, M. and 
	{Abdalla}, F.~B. and {Banerji}, M. and {Buckley-Geer}, E. and 
	{Carnero Rosell}, A. and {Carollo}, D. and {Castander}, F.~J. and 
	{D'Andrea}, C.~B. and {Diehl}, H.~T. and {Cunha}, C.~E. and 
	{Foley}, R.~J. and {Frieman}, J. and {Glazebrook}, K. and {Gschwend}, J. and 
	{Hinton}, S. and {Jouvel}, S. and {Kessler}, R. and {Kim}, A.~G. and 
	{King}, A.~L. and {Kuehn}, K. and {Kuhlmann}, S. and {Lewis}, G.~F. and 
	{Lin}, H. and {Martini}, P. and {McMahon}, R.~G. and {Mould}, J. and 
	{Nichol}, R.~C. and {Norris}, R.~P. and {O'Neill}, C.~R. and 
	{Ostrovski}, F. and {Papadopoulos}, A. and {Parkinson}, D. and 
	{Reed}, S. and {Romer}, A.~K. and {Rooney}, P.~J. and {Rozo}, E. and 
	{Rykoff}, E.~S. and {Sako}, M. and {Scalzo}, R. and {Schmidt}, B.~P. and 
	{Scolnic}, D. and {Seymour}, N. and {Sharp}, R. and {Sobreira}, F. and 
	{Sullivan}, M. and {Thomas}, R.~C. and {Tucker}, D. and {Uddin}, S.~A. and 
	{Wechsler}, R.~H. and {Wester}, W. and {Wilcox}, H. and {Zhang}, B. and 
	{Abbott}, T. and {Allam}, S. and {Bauer}, A.~H. and {Benoit-L{\'e}vy}, A. and 
	{Bertin}, E. and {Brooks}, D. and {Burke}, D.~L. and {Carrasco Kind}, M. and 
	{Covarrubias}, R. and {Crocce}, M. and {da Costa}, L.~N. and 
	{DePoy}, D.~L. and {Desai}, S. and {Doel}, P. and {Eifler}, T.~F. and 
	{Evrard}, A.~E. and {Fausti Neto}, A. and {Flaugher}, B. and 
	{Fosalba}, P. and {Gaztanaga}, E. and {Gerdes}, D. and {Gruen}, D. and 
	{Gruendl}, R.~A. and {Honscheid}, K. and {James}, D. and {Kuropatkin}, N. and 
	{Lahav}, O. and {Li}, T.~S. and {Maia}, M.~A.~G. and {Makler}, M. and 
	{Marshall}, J. and {Miller}, C.~J. and {Miquel}, R. and {Ogando}, R. and 
	{Plazas}, A.~A. and {Roodman}, A. and {Sanchez}, E. and {Scarpine}, V. and 
	{Schubnell}, M. and {Sevilla-Noarbe}, I. and {Smith}, R.~C. and 
	{Soares-Santos}, M. and {Suchyta}, E. and {Swanson}, M.~E.~C. and 
	{Tarle}, G. and {Thaler}, J. and {Walker}, A.~R.},
    title = "{OzDES multifibre spectroscopy for the Dark Energy Survey: first-year operation and results}",
  journal = {\mnras},
archivePrefix = "arXiv",
   eprint = {1504.03039},
 keywords = {techniques: spectroscopic, surveys, supernovae: general, galaxies: active, cosmology: observations},
     year = 2015,
    month = sep,
   volume = 452,
    pages = {3047-3063},
      doi = {10.1093/mnras/stv1507},
   adsurl = {http://adsabs.harvard.edu/abs/2015MNRAS.452.3047Y},
  adsnote = {Provided by the SAO/NASA Astrophysics Data System}
}

\bibitem[Watkins et al.(2018)]{2018ApJ...858L..16W} Watkins, A.~E.,
Mihos, J.~C., Bershady, M., \& Harding, P.\ 2018, \apjl, 858, L16 
@ARTICLE{2018ApJ...858L..16W,
   author = {{Watkins}, A.~E. and {Mihos}, J.~C. and {Bershady}, M. and {Harding}, P.
	},
    title = "{Discovery of a Vast Ionized Gas Cloud in the M51 System}",
  journal = {\apjl},
archivePrefix = "arXiv",
   eprint = {1804.01699},
 keywords = {galaxies: individual: M51, galaxies: interactions, galaxies: jets, intergalactic medium, ISM: jets and outflows },
     year = 2018,
    month = may,
   volume = 858,
      eid = {L16},
    pages = {L16},
      doi = {10.3847/2041-8213/aabba1},
   adsurl = {http://adsabs.harvard.edu/abs/2018ApJ...858L..16W},
  adsnote = {Provided by the SAO/NASA Astrophysics Data System}
}

